<?xml version="1.0" encoding="UTF-8"?><collection xmlns="http://www.loc.gov/MARC21/slim"><record><leader>00430nam--2200121-i-4500</leader><controlfield tag="001">000041606</controlfield><controlfield tag="002">20161230</controlfield><controlfield tag="005">20161230201043</controlfield><controlfield tag="008">060222s1000------------r-----000-0-eng-d</controlfield><datafield ind1=" " ind2=" " tag="080"><subfield code="a">621.711.06.001.4:537.52(094)</subfield></datafield><datafield ind1=" " ind2=" " tag="245"><subfield code="a">Prescriptii tehnice pt.examinarea cu radiatii penetrante a cusaturilor sudate cap la cap ale instalatiilor mecanice sub presiune si de ridicat cr 20-76</subfield></datafield><datafield ind1=" " ind2=" " tag="260"><subfield code="a">Bucuresti, Ed.Tehnica, 1977, 75p</subfield></datafield><datafield ind1=" " ind2=" " tag="852"><subfield code="a">49</subfield></datafield></record></collection>